@article{collins-qcd-factorization,
  author = {Collins, John C. and Soper, Davison E. and Sterman, George F.},
  title = {Factorization of Hard Processes in QCD},
  eprint = {hep-ph/0409313},
  reportNumber = {ITP-SB-89-31},
  doi = {10.1142/9789814503266_0001},
  journal = {Adv. Ser. Direct. High Energy Phys.},
  volume = {5},
  pages = {1--91},
  year = {1989}
}

@article{susskind-naturalness,
  title = {Dynamics of spontaneous symmetry breaking in the Weinberg-Salam theory},
  author = {Susskind, Leonard},
  journal = {Phys. Rev. D},
  volume = {20},
  issue = {10},
  pages = {2619--2625},
  numpages = {0},
  year = {1979},
  month = {Nov},
  publisher = {American Physical Society},
  doi = {10.1103/PhysRevD.20.2619},
  url = {https://link.aps.org/doi/10.1103/PhysRevD.20.2619}
}

@article{bailey-proton-pdfs,
  author       = {S. Bailey and T. Cridge and L. A. Harland-Lang and A. D. Martin and R. S. Thorne},
  title        = {Parton distributions from LHC, HERA, Tevatron and fixed target data: MSHT20 PDFs},
  journal      = {The European Physical Journal C},
  volume       = {81},
  number       = {4},
  pages        = {341},
  year         = {2021},
  doi          = {10.1140/epjc/s10052-021-09057-0},
  url          = {https://doi.org/10.1140/epjc/s10052-021-09057-0},
  issn         = {1434-6052}
}

@article{atlas-higgs-decay,
  author = {The ATLAS Collaboration and The CMS Collaboration},
  title = {Measurements of the Higgs boson production and decay rates and constraints on its couplings from a combined ATLAS and CMS analysis of the LHC pp collision data at $\sqrt{s}$ = 7 and 8 TeV},
  journal = {Journal of High Energy Physics},
  volume = {2016},
  issue = {8},
  issn = {1029-8479},
  doi = {10.1007/JHEP08(2016)045},
  url = {https://doi.org/10.1007/JHEP08(2016)045} 
}

@book{thomson-particle-physics,
  author =	"Mark Thomson",
  title =		"Modern Particle Physics",
  address =	"Cambridge, UK",
  publisher =	"Cambridge University Press",
  year =		"2013"
}

@article{higgs-broken-symmetries,
  title = {Broken Symmetries and the Masses of Gauge Bosons},
  author = {Higgs, Peter W.},
  journal = {Phys. Rev. Lett.},
  volume = {13},
  issue = {16},
  pages = {508--509},
  numpages = {0},
  year = {1964},
  month = {Oct},
  publisher = {American Physical Society},
  doi = {10.1103/PhysRevLett.13.508},
  url = {https://link.aps.org/doi/10.1103/PhysRevLett.13.508}
}

@article{englert-broken-symmetries,
  title = {Broken Symmetry and the Mass of Gauge Vector Mesons},
  author = {Englert, F. and Brout, R.},
  journal = {Phys. Rev. Lett.},
  volume = {13},
  issue = {9},
  pages = {321--323},
  numpages = {0},
  year = {1964},
  month = {Aug},
  publisher = {American Physical Society},
  doi = {10.1103/PhysRevLett.13.321},
  url = {https://link.aps.org/doi/10.1103/PhysRevLett.13.321}
}

@article{cabibbo-ckm-matrix,
  title = {Unitary Symmetry and Leptonic Decays},
  author = {Cabibbo, Nicola},
  journal = {Phys. Rev. Lett.},
  volume = {10},
  issue = {12},
  pages = {531--533},
  numpages = {0},
  year = {1963},
  month = {Jun},
  publisher = {American Physical Society},
  doi = {10.1103/PhysRevLett.10.531},
  url = {https://link.aps.org/doi/10.1103/PhysRevLett.10.531}
}

@article{kobayashi-ckm-matrix,
    author = {Kobayashi, Makoto and Maskawa, Toshihide},
    title = {CP-Violation in the Renormalizable Theory of Weak Interaction},
    journal = {Progress of Theoretical Physics},
    volume = {49},
    number = {2},
    pages = {652-657},
    year = {1973},
    month = {02},
    issn = {0033-068X},
    doi = {10.1143/PTP.49.652},
    url = {https://doi.org/10.1143/PTP.49.652},
    eprint = {https://academic.oup.com/ptp/article-pdf/49/2/652/5257692/49-2-652.pdf}
}

@article{dirac-fd-statistics,
  author    = {Dirac, Paul Adrien Maurice},
  title     = {On the Theory of Quantum Mechanics},
  journal   = {Proc. R. Soc. Lond. A},
  volume    = {112},
  number    = {762},
  pages     = {661--677},
  year      = {1926},
  doi       = {10.1098/rspa.1926.0133},
  url       = {http://doi.org/10.1098/rspa.1926.0133}
}

@article{bose-be-statistics,
  author    = {Bose, Satyendra Nath},
  title     = {Plancks Gesetz und Lichtquantenhypothese},
  journal   = {Zeitschrift f{\"u}r Physik},
  volume    = {26},
  number    = {1},
  pages     = {178--181},
  year      = {1924},
  issn      = {0044-3328},
  doi       = {10.1007/BF01327326},
  url       = {https://doi.org/10.1007/BF01327326}
}

@article{avignone-majorana-neutrinos,
  author    = {Avignone, Frank T. and Elliott, Steven R. and Engel, Jonathan},
  title     = {Double Beta Decay, Majorana Neutrinos, and Neutrino Mass},
  journal   = {Rev. Mod. Phys.},
  volume    = {80},
  number    = {2},
  pages     = {481--516},
  year      = {2008},
  publisher = {American Physical Society},
  doi       = {10.1103/RevModPhys.80.481},
  url       = {https://doi.org/10.1103/RevModPhys.80.481}
}

@article{bellini-neutrino-oscillations,
  author = {Bellini, G. and Ludhova, L. and Ranucci, G. and Villante, F. L.},
  title = {Neutrino Oscillations},
  journal = {Advances in High Energy Physics},
  volume = {2014},
  number = {1},
  pages = {191960},
  doi = {https://doi.org/10.1155/2014/191960},
  url = {https://onlinelibrary.wiley.com/doi/abs/10.1155/2014/191960},
  year = {2014}
}

@article{pdg-2024-review,
  author    = {Particle Data Group},
  title     = {Review of Particle Physics},
  journal   = {Prog. Theor. Exp. Phys.},
  year      = {2024},
  volume    = {2024},
  number    = {8},
  pages     = {083C01},
  doi       = {10.1093/ptep/ptae084},
  url       = {https://pdg.lbl.gov}
}

@article{gunion-2hdm,
  author    = {J. F. Gunion and H. E. Haber},
  title     = {The CP-conserving two-Higgs-doublet model: The approach to the decoupling limit},
  journal   = {Phys. Rev. D},
  volume    = {67},
  pages     = {075019},
  year      = {2003},
  doi       = {10.1103/PhysRevD.67.075019}
}

@article{carena-mssm,
  author    = {Carena, M. and Haber, H. E.},
  title     = {Higgs boson theory and phenomenology},
  journal   = {Prog. Part. Nucl. Phys.},
  volume    = {50},
  pages     = {63--152},
  year      = {2003},
  doi       = {10.1016/S0146-6410(02)00177-1}
}

@article{pernegger-pixel-detector,
  doi = {10.1088/1748-0221/10/06/C06012},
  url = {https://dx.doi.org/10.1088/1748-0221/10/06/C06012},
  year = {2015},
  month = {jun},
  publisher = {},
  volume = {10},
  number = {06},
  pages = {C06012},
  author = {Pernegger, H.},
  title = {The Pixel Detector of the ATLAS experiment for LHC Run-2},
  journal = {Journal of Instrumentation},
}
